<?xml version="1.0" encoding="UTF-8"?><record xmlns="http://www.loc.gov/MARC21/slim" xmlns:cinclude="http://apache.org/cocoon/include/1.0" xmlns:zs="http://www.loc.gov/zing/srw/">
  <leader>00427nz  a2200121n  4500</leader>
  <controlfield tag="001">n 2005040246</controlfield>
  <controlfield tag="003">DLC</controlfield>
  <controlfield tag="005">20050602070657.0</controlfield>
  <controlfield tag="008">050602n| acannaabn          |n aaa      </controlfield>
  <datafield tag="010" ind1=" " ind2=" ">
    <subfield code="a">n 2005040246</subfield>
  </datafield>
  <datafield tag="040" ind1=" " ind2=" ">
    <subfield code="a">DLC</subfield>
    <subfield code="b">eng</subfield>
    <subfield code="c">DLC</subfield>
  </datafield>
  <datafield tag="100" ind1="1" ind2=" ">
    <subfield code="a">Seitz, Norbert,</subfield>
    <subfield code="d">1950-</subfield>
  </datafield>
  <datafield tag="670" ind1=" " ind2=" ">
    <subfield code="a">Die Kanzler und die KuĚnste, c2005:</subfield>
    <subfield code="b">t.p. (Norbert Seitz) jkt. (b. 1950, Redakteur der Zeitschrift "Neue Gesellschaft/Frankfurter Hefte"; author of DoppelpaĚsse)</subfield>
  </datafield>
</record>